@InCollection{sep-metaphysics,
    author = {van Inwagen, Peter and Sullivan, Meghan and Bernstein, Sara},
    title = {{Metaphysics}},
    booktitle = {The {Stanford} Encyclopedia of Philosophy},
    editor = {Edward N. Zalta and Uri Nodelman},
    howpublished = {\url{https://plato.stanford.edu/archives/sum2023/entries/metaphysics/}},
    year = {2023},
    edition = {{S}ummer 2023},
    publisher = {Metaphysics Research Lab, Stanford University}
}

@InCollection{sep-physicalism,
    author = {Stoljar, Daniel},
    title = {{Physicalism}},
    booktitle = {The {Stanford} Encyclopedia of Philosophy},
    editor = {Edward N. Zalta and Uri Nodelman},
    howpublished = {\url{https://plato.stanford.edu/archives/spr2024/entries/physicalism/}},
    year = {2024},
    edition = {{S}pring 2024},
    publisher = {Metaphysics Research Lab, Stanford University}
}
